<record><leader>00000cas a22000007a 4500</leader><controlfield tag="001">13363135</controlfield><controlfield tag="008">860331d18941973inudn ne      0    0eng d</controlfield><datafield ind1=" " ind2=" " tag="010"><subfield code="a">sn 86058418 </subfield></datafield><datafield ind1=" " ind2=" " tag="040"><subfield code="a">NPI</subfield><subfield code="b">eng</subfield><subfield code="c">NPI</subfield><subfield code="d">OCLCQ</subfield></datafield><datafield ind1=" " ind2=" " tag="042"><subfield code="a">msc</subfield></datafield><datafield ind1="0" ind2="4" tag="245"><subfield code="a">The Elwood call leader.</subfield></datafield><datafield ind1=" " ind2=" " tag="260"><subfield code="a">Elwood, Ind. :</subfield><subfield code="b">Fornshell, Carpenter &amp; Truesdale,</subfield><subfield code="c">-1973.</subfield></datafield><datafield ind1=" " ind2=" " tag="300"><subfield code="a">v. :</subfield><subfield code="b">ill. ;</subfield><subfield code="c">44-52 cm.</subfield></datafield><datafield ind1=" " ind2=" " tag="310"><subfield code="a">Daily (except Sun.)</subfield></datafield><datafield ind1="1" ind2=" " tag="362"><subfield code="a">Began in 1894.</subfield></datafield><datafield ind1="0" ind2=" " tag="362"><subfield code="a">-83rd year, no. 236 (Oct. 4, 1973).</subfield></datafield><datafield ind1=" " ind2=" " tag="500"><subfield code="a">Includes "The Willkie Souvenir Edition" (Aug. 17, 1940).</subfield></datafield><datafield ind1=" " ind2=" " tag="580"><subfield code="a">Published also in a weekly edition called: Weekly call leader.</subfield></datafield><datafield ind1=" " ind2=" " tag="588"><subfield code="a">Description based on: Vol. 12, no. 52 (Mar. 1, 1902).</subfield></datafield><datafield ind1=" " ind2=" " tag="752"><subfield code="a">United States</subfield><subfield code="b">Indiana</subfield><subfield code="c">Madison</subfield><subfield code="d">Elwood.</subfield></datafield><datafield ind1="1" ind2=" " tag="775"><subfield code="t">Weekly call leader</subfield><subfield code="w">(DLC)sn 86058420</subfield></datafield><datafield ind1="0" ind2="4" tag="780"><subfield code="t">Evening call (Elwood, Ind.)</subfield><subfield code="w">(DLC)sn 86058417</subfield></datafield><datafield ind1="0" ind2="4" tag="780"><subfield code="t">Leader (Elwood, Ind.)</subfield></datafield><datafield ind1="0" ind2="0" tag="785"><subfield code="t">Call-leader</subfield><subfield code="w">(DLC)sn 86058419</subfield></datafield><datafield ind1="1" ind2=" " tag="029"><subfield code="a">AU@</subfield><subfield code="b">000023435611</subfield></datafield></record>